<record><leader>00000cas a2200000 a 4500</leader><controlfield tag="001">22886108</controlfield><controlfield tag="008">901221d19061933iluwr ne      0   a0eng c</controlfield><datafield ind1=" " ind2=" " tag="010"><subfield code="a">sn 90054856 </subfield></datafield><datafield ind1=" " ind2=" " tag="040"><subfield code="a">NVF</subfield><subfield code="b">eng</subfield><subfield code="c">NVF</subfield><subfield code="d">OCLCQ</subfield><subfield code="d">NVF</subfield><subfield code="d">OCLCQ</subfield><subfield code="d">NVF</subfield><subfield code="d">OCLCO</subfield></datafield><datafield ind1="1" ind2=" " tag="029"><subfield code="a">AU@</subfield><subfield code="b">000025866040</subfield></datafield><datafield ind1=" " ind2=" " tag="042"><subfield code="a">pcc</subfield></datafield><datafield ind1=" " ind2=" " tag="043"><subfield code="a">n-us-il</subfield></datafield><datafield ind1="0" ind2=" " tag="130"><subfield code="a">Special-gazette (Dieterich, Ill. : 1906)</subfield></datafield><datafield ind1="1" ind2="0" tag="245"><subfield code="a">Special-gazette.</subfield></datafield><datafield ind1="3" ind2=" " tag="246"><subfield code="a">Special gazette</subfield></datafield><datafield ind1=" " ind2=" " tag="260"><subfield code="a">Dieterich, Ill. :</subfield><subfield code="b">O.T. Gust</subfield></datafield><datafield ind1=" " ind2=" " tag="300"><subfield code="a">volumes</subfield></datafield><datafield ind1=" " ind2=" " tag="310"><subfield code="a">Weekly</subfield></datafield><datafield ind1="1" ind2=" " tag="362"><subfield code="a">Began in 1906?</subfield></datafield><datafield ind1="0" ind2=" " tag="362"><subfield code="a">-no. 17 (Aug. 24, 1933).</subfield></datafield><datafield ind1=" " ind2=" " tag="515"><subfield code="a">Issues for: May 13, 1912 ; May 28, 1912 ; and June 25, 1912 are Extra editions.</subfield></datafield><datafield ind1=" " ind2=" " tag="515"><subfield code="a">Suspended with Sept. 6, 1928 issue; resumed with May 9, 1929 issue.</subfield></datafield><datafield ind1=" " ind2=" " tag="588"><subfield code="a">Description based on: Vol. 2, no. 13 (Jan. 16, 1908).</subfield></datafield><datafield ind1=" " ind2="0" tag="651"><subfield code="a">Dieterich (Ill.)</subfield><subfield code="v">Newspapers.</subfield></datafield><datafield ind1=" " ind2=" " tag="752"><subfield code="a">United States</subfield><subfield code="b">Illinois</subfield><subfield code="c">Effingham County</subfield><subfield code="d">Dieterich.</subfield></datafield><datafield ind1="0" ind2="0" tag="785"><subfield code="t">Dieterich special-gazette</subfield><subfield code="w">(DLC)sn 90054857</subfield><subfield code="w">(OCoLC)22886184</subfield></datafield></record>